@article{li2003,
	Author = {Li, L. and Stoeckert, C.J. and Roos, D.S.},
	Journal = {Genome Research},
	Pages = {2178--2189},
	Title = {{OrthoMCL}: identification of ortholog groups for eukaryotic genomes},
	Volume = {13},
	Year = {2003}}

@article{lartillot2011,
	Author = {Lartillot, N. and Poujol, R.},
	Journal = {Molecular Biology and Evolution},
	Pages = {729--744},
	Title = {A phylogenetic model for investigating correlated evolution of substitution rates and continuous phenotypic characters},
	Volume = {28},
	Year = {2011}}

@article{heled2010,
	Author = {Joseph Heled and Alexei J. Drummond},
	Journal = {Molecular Biology and Evolution},
	Pages = {570--580},
	Title = {Bayesian inference of species trees from multilocus data},
	Volume = {27},
	Year = {2010}}

@article{lott2009,
	Author = {Martin Lott and Andreas Spillner and Katharina T. Huber and Vincent Moulton},
	Journal = {Bioinformatics},
	Pages = {1199--1200},
	Title = {{PADRE}: a package for analyzing and displaying reticulate evolution},
	Volume = {25},
	Year = {2009}}

@article{wood2009,
	Author = {Troy E. Wood and Naoki Takebayashi and Michael S. Barker and Itay Mayrose and Philip B. Greenspoond and Loren H. Rieseberg},
	Journal = {Proceedings of the National Academy of Sciences USA},
	Pages = {13875--13879},
	Title = {The frequency of polyploid speciation in vascular plants},
	Volume = {106},
	Year = {2009}}

@article{jiao2011,
	Author = {Yuannian Jiao and Norman J. Wickett and Saravanaraj Ayyampalayam and Andr\'e S. Chanderbali and Lena Landherr and Paula E. Ralph and Lynn P. Tomsho and Yi Hu and Haiying Liang and Pamela S. Soltis and Douglas E. Soltis and Sandra W. Clifton and Scott E. Schlarbaum and Stephan C. Schuster and Hong Ma and Jim Leebens-Mack and Claude W. dePamphilis},
	Journal = {Nature},
	Pages = {97--100},
	Title = {Ancestral polyploidy in seed plants and angiosperms},
	Volume = {473},
	Year = {2011}}

@article{baker1955,
	Author = {Baker, H. G.},
	Journal = {Evolution},
	Pages = {347-348},
	Title = {Self-compatibility and establishment after long-distance dispersal},
	Volume = {9},
	Year = {1955}}

@article{barringer2007,
	Author = {Barringer, B C},
	Journal = {American Journal of Botany},
	Pages = {1527--1533},
	Title = {Polyploidy and self-fertilization in flowering plants},
	Volume = {94},
	Year = {2007}}

@book{darwin1878,
	Address = {London},
	Author = {Darwin, Charles},
	Edition = {2d ed},
	Publisher = {J. Murray},
	Title = {The effects of cross and self fertilisation in the vegetable kingdom},
	Year = {1878}}

@manual{diversitree,
	Author = {Richard G. FitzJohn},
	Note = {R package version 0.9-2},
	Title = {Diversitree: comparative phylogenetic tests of diversification},
	Year = {2012}}

@article{fitzjohn2012,
	Author = {Richard G. FitzJohn},
	Journal = {Methods in Ecology and Evolution},
	Pages = {1084--1092},
	Title = {Diversitree: Comparative Phylogenetic Analyses of Diversification in {R}},
	Volume = {3},
	Year = {2012}}

@article{fitzjohn2009,
	Author = {FitzJohn, R. G. and Maddison, W. P. and Otto, S. P.},
	Journal = {Systematic Biology},
	Pages = {595--611},
	Title = {Estimating Trait-Dependent Speciation and Extinction Rates from Incompletely Resolved Phylogenies},
	Volume = {58},
	Year = {2009}}

@article{goldberg2010,
	Author = {Goldberg, E. E. and J. R. Kohn and R. Lande and K. A. Robertson and S. A. Smith and B. Igi\'c},
	Journal = {Science},
	Pages = {493--495},
	Title = {Species selection maintains self-incompatibility},
	Volume = {320},
	Year = {2010}}

@article{hamrick1996,
	Author = {Hamrick, J L and Godt, M J W},
	Journal = {Philosophical Transactions of the Royal Society B},
	Pages = {1291--1298},
	Title = {Effects of life history traits on genetic diversity in plant species},
	Volume = {351},
	Year = {1996}}

@article{holsinger2000,
	Author = {Holsinger, K E},
	Journal = {Proceedings of the National Academy of Sciences USA},
	Number = {13},
	Pages = {7037--7042},
	Title = {Reproductive systems and evolution in vascular plants},
	Volume = {97},
	Year = {2000}}

@article{husband2008,
	Author = {B. C. Husband and B. Ozimec and S. L. Martin and L. Pollock},
	Journal = {International Journal of Plant Sciences},
	Pages = {195--206},
	Title = {Mating consequences of polyploid evolution in flowering plants: Current trends and insights from synthetic polyploids},
	Volume = {169},
	Year = {2008}}

@article{igic2006b,
	Author = {Igi{\'c}, B. and Bohs, Lynn and Kohn, Joshua R.},
	Journal = {Proceedings of the National Academy of Sciences USA},
	Pages = {1359--1363},
	Title = {Ancient polymorphism reveals unidirectional breeding system shifts},
	Volume = {103},
	Year = {2006}}

@article{igic2008,
	Author = {Igi{\'c}, B. and Lande, Russell and Kohn, Joshua R.},
	Journal = {International Journal of Plant Sciences},
	Pages = {93--104},
	Title = {Loss of self-incompatibility and its evolutionary consequences},
	Volume = {169},
	Year = {2008}}

@article{liow2010,
	Author = {L. H. S. Liow and T. B. Quental and C. R. Marshall},
	Journal = {Systematic Biology},
	Pages = {646--659},
	Title = {When Can Decreasing Diversification Rates Be Detected with Molecular Phylogenies and the Fossil Record?},
	Volume = {59},
	Year = {2010}}

@article{mable2004,
	Author = {Mable, B. K.},
	Journal = {New Phytologist},
	Pages = {803--811},
	Title = {Polyploidy and self-compatibility: is there an association?},
	Volume = {162},
	Year = {2004}}

@article{maddison2007,
	Author = {Maddison, W. P. and Midford, P. E. and Otto, S. P.},
	Journal = {Systematic Biology},
	Pages = {701--710},
	Title = {Estimating a Binary Character's Effect on Speciation and Extinction},
	Volume = {56},
	Year = {2007}}

@article{mayrose2010,
	Author = {Itay Mayrose and Michael S. Barker and Sarah P. Otto},
	Journal = {Systematic Biology},
	Pages = {132--144},
	Title = {Probabilistic Models of Chromosome Number Evolution and the Inference of Polyploidy},
	Volume = {59},
	Year = {2010}}

@article{mayrose2011a,
	Author = {I. Mayrose and S. H. Zhan and C. J. Rothfels and K. Magnuson-Ford and M. S. Barker and L. H. Riesberg and S. P. Otto},
	Journal = {Science},
	Pages = {1257},
	Title = {Recently Formed Polyploid Plants Diversify at Lower Rates},
	Volume = {333},
	Year = {2011}}

@article{mayrose2011b,
	Author = {I. Mayrose and S. P. Otto},
	Journal = {Molecular Biology and Evolution},
	Pages = {759--770},
	Title = {A likelihood method for detecting trait-dependent shifts in the rate of molecular evolution},
	Volume = {28},
	Year = {2011}}

@book{denettancourt1977,
	Author = {de Nettancourt, D.},
	Publisher = {Springer-Verlag},
	Title = {Incompatibility in Angiosperms},
	Year = {1977}}

@article{pagel1999,
	Author = {Pagel, M.},
	Journal = {Systematic Biology},
	Pages = {612--622},
	Title = {The Maximum Likelihood Approach to Reconstructing Ancestral Character States of Discrete Characters on Phylogenies},
	Volume = {48},
	Year = {1999}}

@article{pagel1994,
	Author = {Pagel, M.},
	Journal = {Proceedings of the Royal Society of London, Series B},
	Pages = {37--45},
	Title = {Detecting correlated evolution on phylogenies: a general method for the comparative analysis of discrete characters},
	Volume = {255},
	Year = {1994}}

@article{rabosky2006,
	Author = {Rabosky, D. L.},
	Journal = {Evolution},
	Pages = {1152--1164},
	Title = {Likelihood methods for detecting temporal shifts in diversification rates},
	Volume = {60},
	Year = {2006}}

@article{ramsey1998,
	Author = {Justin Ramsey and Douglas W. Schemske},
	Journal = {Annual Review of Ecology and Systematics},
	Pages = {467--501},
	Title = {Pathways, mechanisms, and rates of polyploid formation in flowering plants},
	Volume = {29},
	Year = {1998}}

@article{robertson2011,
	Author = {Robertson, K. and E. E. Goldberg and B. Igi{\'c}},
	Journal = {Evolution},
	Pages = {139--155},
	Title = {Comparative evidence for the correlated evolution of polyploidy and self-compatibility in {S}olanaceae},
	Volume = {65},
	Year = {2011}}

@article{smith2008a,
	Author = {Smith, S A and Donoghue, M J},
	Journal = {Science},
	Pages = {86--89},
	Title = {Rates of Molecular Evolution Are Linked to Life History in Flowering Plants},
	Volume = {322},
	Year = {2008}}

@article{smith2008b,
	Author = {Smith, Stephen A and Dunn, Casey W},
	Journal = {Bioinformatics},
	Pages = {715--716},
	Title = {Phyutility: a phyloinformatics tool for trees, alignments and molecular data},
	Volume = {24},
	Year = {2008}}

@article{stebbins1970,
	Author = {Stebbins, G L},
	Journal = {Annual Review of Ecology and Systematics},
	Pages = {307--326},
	Title = {{A}daptive Radiation of Reproductive Characteristics in Angiosperms. {I}: {P}ollination Mechanisms},
	Volume = {1},
	Year = {1970}}

@article{stebbins1957,
	Author = {Stebbins, G. L.},
	Journal = {American Naturalist},
	Number = {337--354},
	Title = {Self-fertilization and population variability in the higher plants},
	Volume = {91},
	Year = {1957}}

@book{stebbins1950,
	Address = {New York},
	Author = {Stebbins, G. Ledyard},
	Publisher = {Columbia University Press},
	Title = {Variation and Evolution in Plants},
	Year = {1950}}

@article{takebayashi2001,
	Author = {Naoki Takebayashi and Peter L. Morrell},
	Journal = {American Journal of Botany},
	Pages = {1143--1150},
	Title = {Is self-fertilization an evolutionary dead end? {R}evisiting an old hypothesis with genetic theories and a macroevolutionary approach},
	Volume = {88},
	Year = {2001}}

@article{anacker2011,
	Author = {Anacker, B. L. and Whittall, J. B. and Goldberg, E. E. and Harrison S. P.},
	Journal = {Evolution},
	Pages = {365--376},
	Title = {Origins and consequences of serpentine endemism in the {C}alifornia flora},
	Volume = {65},
	Year = {2011}}

@article{goldberg2011,
	Author = {Goldberg, E. E. and L. T. Lancaster and R. H. Ree},
	Journal = {Systematic Biology},
	Pages = {451--465},
	Title = {Phylogenetic inference of reciprocal effects between geographic range evolution and diversification},
	Volume = {60},
	Year = {2011}}

@article{raduski2012,
	Author = {Raduski, A. R. and Haney, E. B. and Igi{\'c}, B.},
	Journal = {Evolution},
	Pages = {1275--1283},
	Title = {The expression of self-incompatibility in angiosperms is bimodal},
	Volume = {66},
	Year = {2012}}

@article{goldberg2008,
	Author = {Goldberg, Emma E. and Boris Igi\'{c}},
	Journal = {Evolution},
	Pages = {2727--2741},
	Title = {On phylogenetic tests of irreversible evolution},
	Volume = {62},
	Year = {2008}}

@article{goldberg2012b,
	Author = {Goldberg, Emma E. and Boris Igi\'{c}},
	Journal = {Evolution},
	Pages = {3701--3709},
	Title = {Tempo and mode in plant breeding system evolution},
	Volume = {66},
	Year = {2012}}

@article{goldberg2012a,
	Author = {Goldberg, Emma E and Russell Lande and Trevor Price},
	Journal = {The American Naturalist},
	Pages = {693--705},
	Title = {Population regulation and character displacement in a seasonal environment},
	Volume = {179},
	Year = {2012}}

@article{oconnor2009,
	Author = {O'Connor, Timothy D. and Mundy, Nicholas I.},
	Journal = {Bioinformatics},
	Number = {12},
	Pages = {i94-i100},
	Title = {Genotype-phenotype associations: substitution models to detect evolutionary associations between phenotypic variables and genotypic evolutionary rate},
	Volume = {25},
	Year = {2009}}

@article{spencer2006,
	Author = {Spencer, M. and Susko, E. and Roger, A. J.},
	Journal = {Evolutionary Bioinformatics Online},
	Pages = {157},
	Title = {Modelling prokaryote gene content},
	Volume = {2},
	Year = {2006}}

@article{wapinski2007,
	Author = {Wapinski, I. and Pfeffer, A. and Friedman, N. and Regev, A.},
	Journal = {Nature},
	Number = {7158},
	Pages = {54--61},
	Title = {Natural history and evolutionary principles of gene duplication in fungi},
	Volume = {449},
	Year = {2007}}

@article{chapman2006,
	Author = {Chapman, B. A. and Bowers, J. E. and Feltus, F. A. and Paterson, A. H.},
	Journal = {Proceedings of the National Academy of Sciences USA},
	Number = {8},
	Pages = {2730--2735},
	Title = {Buffering of crucial functions by paleologous duplicated genes may contribute cyclicality to angiosperm genome duplication},
	Volume = {103},
	Year = {2006}}

@article{force1999,
	Author = {Force, A. and Lynch, M. and Pickett, F. B. and Amores, A. and Yan, Y. and Postlethwait, J.},
	Journal = {Genetics},
	Number = {4},
	Pages = {1531--1545},
	Title = {Preservation of duplicate genes by complementary, degenerative mutations},
	Volume = {151},
	Year = {1999}}

@article{rastogi2005,
	Author = {Rastogi, S. and Liberles, D. A.},
	Journal = {BMC Evolutionary Biology},
	Number = {1},
	Pages = {28},
	Title = {Subfunctionalization of duplicated genes as a transition state to neofunctionalization},
	Volume = {5},
	Year = {2005}}

@book{williams1992,
	Author = {Williams, George C.},
	Publisher = {Oxford University Press},
	Title = {Natural Selection: Domains, Levels, and Challenges},
	Year = {1992}}

@article{lewis1947,
	Author = {D. Lewis},
	Journal = {Heredity},
	Pages = {85--108},
	Title = {Competition and dominance of incompatibility alleles in diploid pollen},
	Volume = {1},
	Year = {1947}}

@article{hipp2004,
	Author = {Hipp, A. L. and Hall, J. C. and Sytsma, K. J.},
	Journal = {Systematic Biology},
	Number = {1},
	Pages = {81--89},
	Title = {Congruence versus phylogenetic accuracy: revisiting the incongruence length difference test},
	Volume = {53},
	Year = {2004}}

@article{whitfield2008,
	Author = {Whitfield, J. B. and Cameron, S. A. and Huson, D. H. and Steel, M. A.},
	Journal = {Systematic Biology},
	Number = {6},
	Pages = {939--947},
	Title = {Filtered {Z}-closure supernetworks for extracting and visualizing recurrent signal from incongruent gene trees},
	Volume = {57},
	Year = {2008}}

@article{brysting2007,
	Author = {Brysting, A. K. and Oxelman, B. and Huber, K. T. and Moulton, V. and Brochmann, C.},
	Journal = {Systematic Biology},
	Number = {3},
	Pages = {467--476},
	Title = {Untangling complex histories of genome mergings in high polyploids},
	Volume = {56},
	Year = {2007}}

@article{vilatersana2007,
	Author = {Vilatersana, R. and Brysting, A. K. and Brochmann, C.},
	Journal = {Molecular Phylogenetics and Evolution},
	Number = {2},
	Pages = {610--621},
	Title = {Molecular evidence for hybrid origins of the invasive polyploids {{\em Carthamus creticus} and {{\em C. turkestanicus}} ({C}ardueae, {A}steraceae)}},
	Volume = {44},
	Year = {2007}}

@article{marcussen2012,
	Author = {Marcussen, T. and Jakobsen, K. S. and Danihelka, J. and Ballard, H. E. and Blaxland, K. and Brysting, A. K. and Oxelman, B.},
	Journal = {Systematic Biology},
	Number = {1},
	Pages = {107--126},
	Title = {Inferring species networks from gene trees in high-polyploid {N}orth {A}merican and {H}awaiian violets ({{\em Viola}}, {V}iolaceae)},
	Volume = {61},
	Year = {2012}}

@article{sessa2012,
	Author = {Sessa, E. B. and Zimmer, E. A. and Givnish, T. J.},
	Journal = {BMC Evolutionary Biology},
	Pages = {104},
	Title = {Unraveling reticulate evolution in {N}orth {A}merican {{\em Dryopteris}} ({D}ryopteridaceae)},
	Volume = {12},
	Year = {2012}}

@article{weiss2011,
	Author = {Weiss-Schneeweiss, H. and Bl{\"o}ch, C. and Turner, B. and Villase{\~n}or, J. L. and Stuessy, T. F. and Schneeweiss, G. M.},
	Journal = {Evolution},
	Pages = {211--228},
	Title = {The promiscuous and the chaste: Frequent allopolyploid speciation and its genomic consequences in {A}merican daisies ({{\em Melampodium}} sect. {{\em Melampodium}}; {A}steraceae)},
	Volume = {66},
	Year = {2011}}

@article{kelly2013,
  title={Reconstructing the complex evolutionary origin of wild allopolyploid tobaccos ({{\em Nicotiana}} section {{\em Suaveolentes}})},
  author={Kelly, Laura J and Leitch, Andrew R and Clarkson, James J and Knapp, Sandra and Chase, Mark W},
  journal={Evolution},
  volume={67},
  number={1},
  pages={80--94},
  year={2013},
  publisher={Wiley Online Library}
}

@article{guggisberg2009,
	Author = {Guggisberg, A. and Mansion, G. and Conti, E.},
	Journal = {Systematic Biology},
	Pages = {55--73},
	Title = {Disentangling reticulate evolution in an {A}rctic--{A}lpine polyploid complex},
	Volume = {58},
	Year = {2009}}

@article{huson2006,
	Author = {Huson, D. H. and Bryant, D.},
	Journal = {Molecular Biology and Evolution},
	Pages = {254--267},
	Title = {Application of phylogenetic networks in evolutionary studies},
	Volume = {23},
	Year = {2006}}

@article{kim2008,
	Author = {Kim, S. T. and Donoghue, M. J.},
	Journal = {American Journal of Botany},
	Number = {9},
	Pages = {1122--1135},
	Title = {Incongruence between {cpDNA} and {nrITS} trees indicates extensive hybridization within {{\em Eupersicaria}} ({P}olygonaceae)},
	Volume = {95},
	Year = {2008}}

@article{leigh2011,
	Author = {Leigh, J. W. and Lapointe, F. J. and Lopez, P. and Bapteste, E.},
	Journal = {Genome Biology and Evolution},
	Pages = {571},
	Title = {Evaluating phylogenetic congruence in the post-genomic era},
	Volume = {3},
	Year = {2011}}

@article{holland2008,
	Author = {Holland, B. R. and Benthin, S. and Lockhart, P. J. and Moulton, V. and Huber, K. T.},
	Journal = {BMC Evolutionary Biology},
	Number = {1},
	Pages = {202},
	Title = {Using supernetworks to distinguish hybridization from lineage-sorting},
	Volume = {8},
	Year = {2008}}

@article{galtier2001,
	Author = {Galtier, N.},
	Journal = {Molecular Biology and Evolution},
	Number = {5},
	Pages = {866--873},
	Title = {Maximum-likelihood phylogenetic analysis under a covarion-like model},
	Volume = {18},
	Year = {2001}}

@article{penn2008,
	Author = {Penn, O. and Stern, A. and Rubinstein, N. D. and Dutheil, J. and Bacharach, E. and Galtier, N. and Pupko, T.},
	Journal = {PLoS Computational Biology},
	Number = {11},
	Pages = {e1000214},
	Title = {Evolutionary modeling of rate shifts reveals specificity determinants in {HIV}-1 subtypes},
	Volume = {4},
	Year = {2008}}

@article{felsenstein1981,
	Author = {Felsenstein, J.},
	Journal = {Journal of Molecular Evolution},
	Number = {6},
	Pages = {368--376},
	Title = {Evolutionary trees from {DNA} sequences: a maximum likelihood approach},
	Volume = {17},
	Year = {1981}}

@article{maddison2006,
	Author = {Maddison, W. P.},
	Journal = {Evolution},
	Pages = {1743--1746},
	Title = {Confounding asymmetries in evolutionary diversification and character change},
	Volume = {60},
	Year = {2006}}

@article{fitzjohn2010,
	Author = {FitzJohn, R. G.},
	Journal = {Systematic Biology},
	Pages = {619--633},
	Title = {Quantitative traits and diversification},
	Volume = {59},
	Year = {2010}}

@article{stone2002,
	Author = {J. L. Stone},
	Journal = {The Quarterly Review of Biology},
	Pages = {17--30},
	Title = {Molecular Mechanisms Underlying the Breakdown of Gametophytic Self-Incompatibility},
	Volume = {77},
	Year = {2002}}

@article{magnuson-ford2012,
	Author = {K. Magnuson-Ford and S. P. Otto},
	Journal = {The American Naturalist},
	Pages = {225--245},
	Title = {Linking the investigations of character evolution and species diversification},
	Volume = {180},
	Year = {2012}}

@article{paape2008,
	Author = {Paape, Timothy and Igic, Boris and Smith, Stacey D. and Olmstead, Richard and Bohs, Lynn and Kohn, Joshua R.},
	Journal = {Molecular Biology and Evolution},
	Pages = {655--663},
	Title = {A 15-{M}yr-old genetic bottleneck},
	Volume = {25},
	Year = {2008}}

@article{soltis2009,
	Author = {Soltis, D. E. and Albert, V. A. and Leebens-Mack, J. and Bell, C. D. and Paterson, A. H. and Zheng, C. and Sankoff, D. and Claude W. dePamphilis and Wall, P. K. and Soltis, P. S.},
	Journal = {American Journal of Botany},
	Number = {1},
	Pages = {336--348},
	Title = {Polyploidy and angiosperm diversification},
	Volume = {96},
	Year = {2009}}

@article{bollback2006,
	Author = {Jonathan P Bollback},
	Journal = {BMC Bioinformatics},
	Pages = {88},
	Title = {{SIMMAP}: {S}tochastic character mapping of discrete traits on phylogenies},
	Volume = {7},
	Year = {2006}}

@article{huelsenbeck2003,
	Author = {Huelsenbeck, J. P. and Nielsen, R. and Bollback, J. P.},
	Journal = {Systematic Biology},
	Number = {2},
	Pages = {131--158},
	Title = {Stochastic mapping of morphological characters},
	Volume = {52},
	Year = {2003}}

@article{nee1994,
	Author = {Nee, S. and May, R. M. and Harvey, P. H.},
	Journal = {Philosophical Transactions: Biological Sciences},
	Pages = {305--311},
	Title = {The Reconstructed Evolutionary Process},
	Volume = {344},
	Year = {1994}}

@article{alfaro2009,
	Author = {Michael E. Alfaro and Francesco Santini and Chad Brock and Hugo Alamillo and Alex Dornburg and Daniel L. Rabosky and Giorgio Carnevale and Luke J. Harmon},
	Journal = {Proceedings of the National Academy of Sciences USA},
	Pages = {13410--13414},
	Title = {Nine exceptional radiations plus high turnover explain species diversity in jawed vertebrates},
	Volume = {106},
	Year = {2009}}

@article{otto2007,
	Author = {Otto, Sarah P.},
	Journal = {Cell},
	Number = {3},
	Pages = {452--462},
	Title = {The evolutionary consequences of polyploidy},
	Volume = {131},
	Year = {2007}}

@incollection{barrett1988,
	Author = {Barrett, Spencer C. H.},
	Booktitle = {Plant Reproductive Ecology: Patterns and Strategies},
	Editor = {Jon L. Doust and Lesley Lovett Doust},
	Pages = {98--124},
	Publisher = {Oxford University Press Inc.},
	Title = {The evolution, maintenance, and loss of self-incompatibility systems},
	Year = {1988}}

@article{lande1985,
	Author = {Lande, R. and Schemske, D. W.},
	Journal = {Evolution},
	Pages = {24--40},
	Title = {The evolution of self-fertilization and inbreeding depression in plants. {I}. {G}enetic models},
	Volume = {39},
	Year = {1985}}

@article{levin1975,
	Author = {Levin, Donald A.},
	Journal = {Taxon},
	Pages = {35--43},
	Title = {Minority cytotype exclusion in local plant populations},
	Volume = {24},
	Year = {1975}}

@article{wolfe2001,
	Author = {Wolfe, Kenneth H.},
	Journal = {Nature Reviews Genetics},
	Number = {5},
	Pages = {333--341},
	Title = {Yesterday's polyploids and the mystery of diploidization},
	Volume = {2},
	Year = {2001}}

@article{felsenstein1985,
	Author = {Felsenstein, J.},
	Journal = {The American Naturalist},
	Pages = {1--15},
	Title = {Phylogenies and the comparative method},
	Volume = {125},
	Year = {1985}}

@article{grafen1989,
	Author = {Grafen, A.},
	Journal = {Philosophical Transactions of the Royal Society of London, Series B},
	Pages = {119--157},
	Title = {The Phylogenetic Regression},
	Volume = {326},
	Year = {1989}}


@article{garland1992,
  title = {Procedures for the Analysis of Comparative Data Using Phylogenetically Independent Contrasts},
  volume = {41},
  doi = {10.1093/sysbio/41.1.18},
  number = {1},
  journal = {Systematic Biology},
  author = {Garland, Theodore and Harvey, Paul H. and Ives, Anthony R.},
  year = {1992},
  pages = {18--32}
}

@article{revell2008b,
	Author = {Revell, Liam J. and Harrison, Alexis S.},
	Journal = {Bioinformatics},
	Number = {7},
	Pages = {1018-1020},
	Title = {{PCCA}: a program for phylogenetic canonical correlation analysis},
	Volume = {24},
	Year = {2008}}

@article{yu2011,
	Author = {Yu, Y. and Than, C. and Degnan, J.H. and Nakhleh, L.},
	Journal = {Systematic Biology},
	Number = {2},
	Pages = {138--149},
	Title = {Coalescent histories on phylogenetic networks and detection of hybridization despite incomplete lineage sorting},
	Volume = {60},
	Year = {2011}}

@article{yu2012,
	Author = {Yu, Y. and Degnan, J.H. and Nakhleh, L.},
	Journal = {PLoS Genetics},
	Number = {4},
	Pages = {e1002660},
	Title = {The probability of a gene tree topology within a phylogenetic network with applications to hybridization detection},
	Volume = {8},
	Year = {2012}}

@article{than2008,
	Author = {Than, C. and Ruths, D. and Nakhleh, L.},
	Journal = {BMC Bioinformatics},
	Number = {1},
	Pages = {322},
	Title = {PhyloNet: a software package for analyzing and reconstructing reticulate evolutionary relationships},
	Volume = {9},
	Year = {2008}}

@article{wu2006,
	Author = {F. Wu and L. A. Mueller and D. Crouzillat and V. Petiard and S. D. Tanksley},
	Journal = {Genetics},
	Pages = {1407--1420},
	Title = {Combining bioinformatics and phylogenetics to identify large sets of single-copy orthologous genes ({COSII}) for comparative, evolutionary and systematic studies: A test case in the euasterid plant clade},
	Volume = {174},
	Year = {2006}}

@article{ku2000,
	Author = {H. M. Ku and T. Vision and J. Liu and S. D. Tanksley},
	Journal = {Proceedings of the National Academy of Science, USA},
	Pages = {9121--9126},
	Title = {Comparing sequenced segments of the tomato and \emph{Arabadopsis} genomes: large-scale duplication followed by selective gene loss creates a network of synteny},
	Volume = {97},
	Year = {2000}}

@article{paterson2000,
	Author = {A. H. Paterson and J. E. Bowers and M. D. Burow and X. Draye and C. G. Elsik and C. X. Jiang and C. S. Katsar and T. H. Lan and Y. R. Lin and R. Ming and R. J. g},
	Journal = {Plant Cell},
	Pages = {1523--1540},
	Title = {Comparative genomics of plant chromosomes},
	Volume = {12},
	Year = {2000}}

@article{barker2008,
	Author = {M. S. Barker and N. C. Kane and M. Matvienko and A. Kozik and R. W. Michelmore and S. J. Knapp and L. H. Riesberg},
	Journal = {Molecular Biology and Evolution},
	Number = {11},
	Pages = {2445--2455},
	Title = {Multiple Paleopolyploidizations during the Evolution of the {C}ompositae Reveal Parallel Patterns of Duplicate Gene Retention after Millions of Years},
	Volume = {25},
	Year = {2008}}

@article{sarkinen2013,
  title={A phylogenetic framework for evolutionary study of the nightshades (Solanaceae): a dated 1000-tip tree},
  author={S{\"a}rkinen, Tiina and Bohs, Lynn and Olmstead, Richard G and Knapp, Sandra},
  journal={BMC Evolutionary Biology},
  volume={13},
  number={1},
  pages={214},
  year={2013},
}

@article{fawcett2009,
  title={Plants with double genomes might have had a better chance to survive the Cretaceous--Tertiary extinction event},
  author={Fawcett, Jeffrey A and Maere, Steven and Van de Peer, Yves},
  journal={Proceedings of the National Academy of Sciences},
  volume={106},
  number={14},
  pages={5737--5742},
  year={2009},
}

@article{leitch2008,
  title={Genomic plasticity and the diversity of polyploid plants},
  author={Leitch, A.R. and Leitch, I.J.},
  journal={Science},
  volume={320},
  number={5875},
  pages={481--483},
  year={2008},
}

@article{glemin2006,
  title={Impact of mating systems on patterns of sequence polymorphism in flowering plants},
  author={Gl{\'e}min, Sylvain and Bazin, Eric and Charlesworth, Deborah},
  journal={Proceedings of the Royal Society B: Biological Sciences},
  volume={273},
  number={1604},
  pages={3011--3019},
  year={2006},
}

@article{soltis1999,
  title={Polyploidy: recurrent formation and genome evolution},
  author={Soltis, Douglas E and Soltis, Pamela S},
  journal={Trends in Ecology \& Evolution},
  volume={14},
  number={9},
  pages={348--352},
  year={1999},
}

@article{bureau2010, 
  title={The history and disposition of transposable elements in polyploid Gossypium},
  author={Bureau, Thomas and Hu, Guanjing and Hawkins, Jennifer S and Grover, Corrinne E and Wendel, Jonathan F},
  journal={Genome},
  volume={53},
  number={8},
  pages={599--607},
  year={2010},
}

@article{doyle2008,
  title={Evolutionary genetics of genome merger and doubling in plants},
  author={Doyle, Jeff J and Flagel, Lex E and Paterson, Andrew H and Rapp, Ryan A and Soltis, Douglas E and Soltis, Pamela S and Wendel, Jonathan F},
  journal={Annual review of genetics},
  volume={42},
  pages={443--461},
  year={2008},
}

@article{leitch2004,
  title={Genome downsizing in polyploid plants},
  author={Leitch, I.J. and Bennett, M.D.},
  journal={Biological Journal of the Linnean Society},
  volume={82},
  number={4},
  pages={651--663},
  year={2004},
}

@article{wright2008,
  title={Genomic consequences of outcrossing and selfing in plants},
  author={Wright, Stephen I and Ness, Rob W and Foxe, John Paul and Barrett, Spencer C.H.},
  journal={International Journal of Plant Sciences},
  volume={169},
  number={1},
  pages={105--118},
  year={2008},
}

@misc{traitbank,
    title = {TraitBank},
    author = {{Encyclopedia of Life}},
    url = {http://www.eol.org},
    year = {2014}
}

@article{grossenbacher2011,
	Author = {Grossenbacher, Dena L and Whittall, Justen B},
	Journal = {Evolution},
	Pages = {2712--8},
	Title = {Increased floral divergence in sympatric monkeyflowers},
	Volume = {65},
	Year = {2011},
}

@article{foxe2009,
	Author = {John Paul Foxe and Tanja Slotte and Eli A. Stahl and Barbara Neuffer and Herbert Hurka and Stephen I. Wright},
	Journal = {Proceedings of the National Academy of Sciences USA},
	Pages = {5241--5245},
	Title = {Recent speciation associated with the evolution of selfing in {{\em Capsella}}},
	Volume = {106},
	Year = {2009},
}

@article{fishman1999,
	Author = {Fishman, L and Wyatt, R},
	Journal = {Evolution},
	Pages = {1723--1733},
	Title = {Pollinator-mediated competition, reproductive character displacement, and the evolution of selfing in {{\em Arenaria uniflora}} ({C}aryophyllaceae)},
	Volume = {53},
	Year = {1999},
}

@article{sabath2016,
  title = {Dioecy does not consistently accelerate or slow lineage diversification across multiple genera of angiosperms},
  doi = {10.1111/nph.13696},
  journal = {New Phytologist},
  author = {Sabath, Niv and Goldberg, Emma E. and Glick, Lior and Einhorn, Moshe and Ashman, Tia-Lynn and Ming, Ray and Otto, Sarah P. and Vamosi, Jana C. and Mayrose, Itay},
  volume = {209},
  pages = {1290--1300},
  year = {2016},
}

@article{ross2015,
  title = {Recombination, chromosome number and eusociality in the {H}ymenoptera},
  volume = {28},
  doi = {10.1111/jeb.12543},
  number = {1},
  journal = {Journal of Evolutionary Biology},
  author = {Ross, L. and Blackmon, H. and Lorite, P. and Gokhman, V. E. and Hardy, N. B.},
  year = {2015},
  pages = {105--116}
}

@article{whelan2001,
  title = {Molecular Phylogenetics: State-of-the-Art Methods for Looking into the Past},
  volume = {17},
  doi = {10.1016/S0168-9525(01)02272-7},
  number = {5},
  journal = {Trends in Genetics},
  author = {Whelan, Simon and Li{\`o}, Pietro and Goldman, Nick},
  year = {2001},
  pages = {262--272}
}

@article{anisimova2013,
  title = {State-of-the-art methodologies dictate new standards for phylogenetic analysis},
  volume = {13},
  doi = {10.1186/1471-2148-13-161},
  number = {1},
  journal = {{BMC} Evolutionary Biology},
  author = {Anisimova, Maria and Liberles, David A. and Philippe, Herv{\'e} and Provan, Jim and Pupko, Tal and von Haeseler, Arndt},
  year = {2013},
  pages = {161},
  pmid = {23914788}
}

@article{ekblom2011,
  title = {Applications of next generation sequencing in molecular ecology of non-model organisms},
  volume = {107},
  doi = {10.1038/hdy.2010.152},
  number = {1},
  journal = {Heredity},
  author = {Ekblom, R. and Galindo, J.},
  year = {2011},
  pages = {1--15}
}

@article{blackmon2015a,
  title = {Coleoptera Karyotype Database},
  volume = {69},
  doi = {10.1649/0010-065X-69.1.174},
  number = {1},
  journal = {The Coleopterists Bulletin},
  author = {Blackmon, Heath and Demuth, Jeffery P.},
  year = {2015},
  pages = {174--175}
}

@article{rice2015,
  title = {The Chromosome Counts Database ({CCDB}) -- a community resource of plant chromosome numbers},
  volume = {206},
  doi = {10.1111/nph.13191},
  number = {1},
  journal = {New Phytologist},
  author = {Rice, Anna and Glick, Lior and Abadi, Shiran and Einhorn, Moshe and Kopelman, Naama M. and Salman-Minkov, Ayelet and Mayzel, Jonathan and Chay, Ofer and Mayrose, Itay},
  year = {2015},
  pages = {19--26}
}

@article{huerta-cepas2011,
  title = {{PhylomeDB} v3.0: an expanding repository of genome-wide collections of trees, alignments and phylogeny-based orthology and paralogy predictions},
  volume = {39},
  doi = {10.1093/nar/gkq1109},
  number = {suppl 1},
  journal = {Nucleic Acids Research},
  author = {Huerta-Cepas, Jaime and Capella-Gutierrez, Salvador and Pryszcz, Leszek P. and Denisov, Ivan and Kormes, Diego and Marcet-Houben, Marina and Gabald{\'o}n, Toni},
  year = {2011},
  pages = {D556--D560},
}

@article{Lee2014,
  title = {{SNPhylo}: a pipeline to construct a phylogenetic tree from huge {SNP} data},
  volume = {15},
  doi = {10.1186/1471-2164-15-162},
  number = {1},
  journal = {{BMC} Genomics},
  author = {Lee, Tae-Ho and Guo, Hui and Wang, Xiyin and Kim, Changsoo and Paterson, Andrew H.},
  year = {2014},
  pages = {1--6}
}

@article{GenBank,
  title = {GenBank},
  volume = {40},
  doi = {10.1093/nar/gkr1202},
  number = {D1},
  journal = {Nucleic Acids Research},
  author = {Benson, Dennis A. and Karsch-Mizrachi, Ilene and Clark, Karen and Lipman, David J. and Ostell, James and Sayers, Eric W.},
  year = {2012},
  pages = {D48-D53}
}

@article{maddison2015,
  title = {The Unsolved Challenge to Phylogenetic Correlation Tests for Categorical Characters},
  volume = {64},
  doi = {10.1093/sysbio/syu070},
  number = {1},
  journal = {Systematic Biology},
  author = {Maddison, Wayne P. and FitzJohn, Richard G.},
  year = {2015},
  pages = {127--136}
}

@article{maddison1990,
  title = {A Method for Testing the Correlated Evolution of Two Binary Characters: Are Gains or Losses Concentrated on Certain Branches of a Phylogenetic Tree?},
  volume = {44},
  doi = {10.2307/2409434},
  number = {3},
  journal = {Evolution},
  author = {Maddison, Wayne P.},
  year = {1990},
  pages = {539--557}
}

@article{dib2014,
  title = {Evolutionary footprint of coevolving positions in genes},
  volume = {30},
  doi = {10.1093/bioinformatics/btu012},
  number = {9},
  journal = {Bioinformatics},
  author = {Dib, Linda and Silvestro, Daniele and Salamin, Nicolas},
  year = {2014},
  pages = {1241--1249},
}

@article{phytools,
  title = {Phytools: an {R} package for phylogenetic comparative biology (and other things)},
  author = {Revell, Liam J},
  journal = {Methods in Ecology and Evolution},
  volume = {3},
  number = {2},
  pages = {217--223},
  year = {2012},
}

@article{biswas2006,
  title={Genomic insights into positive selection},
  author={Biswas, Shameek and Akey, Joshua M},
  journal={Trends in Genetics},
  volume={22},
  number={8},
  pages={437--446},
  year={2006},
}

@article{zhang2005,
  title={Evaluation of an improved branch-site likelihood method for detecting positive selection at the molecular level},
  author={Zhang, Jianzhi and Nielsen, Rasmus and Yang, Ziheng},
  journal={Molecular Biology and Evolution},
  volume={22},
  number={12},
  pages={2472--2479},
  year={2005},
}

@article{yang2002,
  title={Codon-substitution models for detecting molecular adaptation at individual sites along specific lineages},
  author={Yang, Ziheng and Nielsen, Rasmus},
  journal={Molecular Biology and Evolution},
  volume={19},
  number={6},
  pages={908--917},
  year={2002},
}

@article{oconnor2013,
  title={Evolutionary modeling of genotype-phenotype associations, and application to primate coding and non-coding {mtDNA} rate variation},
  author={O'Connor, Timothy D and Mundy, Nicholas I},
  journal={Evolutionary bioinformatics online},
  volume={9},
  pages={301},
  year={2013},
}

@article{hebert2002,
  title={Accelerated molecular evolution in halophilic crustaceans},
  author={Hebert, Paul D N and Remigio, Elpidio A and Colbourne, John K and Taylor, Derek J and Wilson, Christopher C},
  journal={Evolution},
  volume={56},
  number={5},
  pages={909--926},
  year={2002},
}

@article{nielsen2002,
  title={Mapping mutations on phylogenies},
  author={Nielsen, Rasmus},
  journal={Systematic Biology},
  volume={51},
  number={5},
  pages={729--739},
  year={2002},
}

@article{yang1994,
  title={Maximum likelihood phylogenetic estimation from {DNA} sequences with variable rates over sites: approximate methods},
  author={Yang, Ziheng},
  journal={Journal of Molecular Evolution},
  volume={39},
  number={3},
  pages={306--314},
  year={1994},
}

@article{mayrose2005,
  title={A {G}amma mixture model better accounts for among site rate heterogeneity},
  author={Mayrose, Itay and Friedman, Nir and Pupko, Tal},
  journal={Bioinformatics},
  volume={21},
  number={S2},
  pages={ii151--ii158},
  year={2005},
}

@article{yang2008,
  title={Mutation-selection models of codon substitution and their use to estimate selective strengths on codon usage},
  author={Yang, Ziheng and Nielsen, Rasmus},
  journal={Molecular Biology and Evolution},
  volume={25},
  number={3},
  pages={568--579},
  year={2008},
}

@article{hasegawa1985,
  title={Dating of the human-ape splitting by a molecular clock of mitochondrial {DNA}},
  author={Hasegawa, Masami and Kishino, Hirohisa and Yano, Taka-aki},
  journal={Journal of Molecular Evolution},
  volume={22},
  number={2},
  pages={160--174},
  year={1985},
}

@article{yang2005,
  title={Bayes empirical {B}ayes inference of amino acid sites under positive selection},
  author={Yang, Ziheng and Wong, Wendy S W and Nielsen, Rasmus},
  journal={Molecular Biology and Evolution},
  volume={22},
  number={4},
  pages={1107--1118},
  year={2005},
}

@article{zuckerkandl1965,
  title={Evolutionary divergence and convergence in proteins},
  author={Zuckerkandl, Emile and Pauling, Linus},
  journal={Evolving genes and proteins},
  volume={97},
  pages={97--166},
  year={1965}
}

@article{thomas2006,
  title={There is no universal molecular clock for invertebrates, but rate variation does not scale with body size},
  author={Thomas, Jessica A and Welch, John J and Woolfit, Megan and Bromham, Lindell},
  journal={Proceedings of the National Academy of Sciences},
  volume={103},
  number={19},
  pages={7366--7371},
  year={2006},
}

@article{sanderson1997,
  title={A nonparametric approach to estimating divergence times in the absence of rate constancy},
  author={Sanderson, Michael J},
  journal={Molecular Biology and Evolution},
  volume={14},
  number={12},
  pages={1218--1231},
  year={1997},
}
@article{thorne1998,
  title={Estimating the rate of evolution of the rate of molecular evolution},
  author={Thorne, Jeffrey L and Kishino, Hirohisa and Painter, Ian S},
  journal={Molecular Biology and Evolution},
  volume={15},
  number={12},
  pages={1647--1657},
  year={1998},
}

@article{huelsenbeck2000,
  title={A compound {P}oisson process for relaxing the molecular clock},
  author={Huelsenbeck, John P and Larget, Bret and Swofford, David},
  journal={Genetics},
  volume={154},
  number={4},
  pages={1879--1892},
  year={2000},
}

@article{drummond2006,
  title={Relaxed phylogenetics and dating with confidence},
  author={Drummond, Alexei J and Ho, Simon Y W and Phillips, Matthew J and Rambaut, Andrew},
  journal={PLoS Biology},
  volume={4},
  number={5},
  pages={e88},
  year={2006},
}

@article{guindon2010,
  title={Bayesian estimation of divergence times from large sequence alignments},
  author={Guindon, St{\'e}phane},
  journal={Molecular Biology and Evolution},
  volume={27},
  number={8},
  pages={1768--1781},
  year={2010},
}

@article{wright1934,
  title={The results of crosses between inbred strains of guinea pigs, differing in number of digits},
  author={Wright, Sewall},
  journal={Genetics},
  volume={19},
  number={6},
  pages={537--551},
  year={1934},
}

@article{felsenstein2005,
  title = {Using the quantitative genetic threshold model for inferences between and within species},
  volume = {360},
  doi = {10.1098/rstb.2005.1669},
  number = {1459},
  journal = {Philosophical Transactions of the Royal Society B: Biological Sciences},
  author = {Felsenstein, Joseph},
  year = {2005},
  pages = {1427--1434},
}

@article{revell2014,
  title = {Ancestral Character Estimation Under the Threshold Model from Quantitative Genetics},
  volume = {68},
  doi = {10.1111/evo.12300},
  number = {3},
  journal = {Evolution},
  author = {Revell, Liam J.},
  year = {2014},
  pages = {743--759}
}

@article{flicek2013,
  title={Ensembl 2014},
  author={Flicek, Paul and Amode, M Ridwan and Barrell, Daniel and Beal, Kathryn and Billis, Konstantinos and Brent, Simon and Carvalho-Silva, Denise and Clapham, Peter and Coates, Guy and Fitzgerald, Stephen and others},
  journal={Nucleic Acids Research},
  pages={gkt1196},
  year={2013},
}

@article{izquierdo2014,
  title={PUmPER: phylogenies updated perpetually},
  author={Izquierdo-Carrasco, Fernando and Cazes, John and Smith, Stephen A and Stamatakis, Alexandros},
  journal={Bioinformatics},
  volume={30},
  number={10},
  pages={1476--1477},
  year={2014},
}

@article{goodstein2012,
  title={Phytozome: a comparative platform for green plant genomics},
  author={Goodstein, David M and Shu, Shengqiang and Howson, Russell and Neupane, Rochak and Hayes, Richard D and Fazo, Joni and Mitros, Therese and Dirks, William and Hellsten, Uffe and Putnam, Nicholas and others},
  journal={Nucleic Acids Research},
  volume={40},
  number={D1},
  pages={D1178--D1186},
  year={2012},
}

@article{han2013,
  title={Estimating gene gain and loss rates in the presence of error in genome assembly and annotation using {CAFE} 3},
  author={Han, Mira V and Thomas, Gregg W.C. and Lugo-Martinez, Jose and Hahn, Matthew W},
  journal={Molecular Biology and Evolution},
  volume={30},
  number={8},
  pages={1987--1997},
  year={2013},
}

@article{blackmon2014,
  title={Estimating Tempo and Mode of {Y} Chromosome Turnover: Explaining {Y} Chromosome Loss with the Fragile {Y} Hypothesis},
  author={Blackmon, Heath and Demuth, Jeffery P},
  journal={Genetics},
  volume={197},
  number={2},
  pages={561--572},
  year={2014},
}

@article{pennell2015,
  title = {Model Adequacy and the Macroevolution of Angiosperm Functional Traits},
  volume = {186},
  doi = {10.1086/682022},
  number = {2},
  journal = {The American Naturalist},
  author = {Pennell, Matthew W. and {FitzJohn}, Richard G. and Cornwell, William K. and Harmon, Luke J.},
  year = {2015},
  pages = {E33--E50}
}

@article{slater2014,
  title={Robust regression and posterior predictive simulation increase power to detect early bursts of trait evolution},
  author={Slater, Graham J and Pennell, Matthew W},
  journal={Systematic Biology},
  volume={63},
  pages={293--308},
  year={2014},
}

@article{cohen2012,
  title={Uncovering the co-evolutionary network among prokaryotic genes},
  author={Cohen, Ofir and Ashkenazy, Haim and Burstein, David and Pupko, Tal},
  journal={Bioinformatics},
  volume={28},
  number={18},
  pages={i389--i394},
  year={2012},
}

@article{doyle2015,
  title={Can we identify genes with increased phylogenetic reliability?},
  author={Doyle, Vinson P and Young, Randee E and Naylor, Gavin J P and Brown, Jeremy M},
  journal={Systematic Biology},
  volume={64},
  number={5},
  pages={824--837},
  year={2015},
}

@article{janzen2015,
  title={Approximate {B}ayesian Computation of diversification rates from molecular phylogenies: introducing a new efficient summary statistic, the {nLTT}},
  author={Janzen, Thijs and H{\"o}hna, Sebastian and Etienne, Rampal S},
  journal={Methods in Ecology and Evolution},
  volume={6},
  number={5},
  pages={566--575},
  year={2015},
}

@article {bromham2003,
  author = {Bromham, L. and Cardillo, M.},
  title = {Testing the link between the latitudinal gradient in species richness and rates of molecular evolution},
  journal = {Journal of Evolutionary Biology},
  volume = {16},
  number = {2},
  doi = {10.1046/j.1420-9101.2003.00526.x},
  pages = {200--207},
  year = {2003},
}

@article {gillman2009,
  author = {Gillman, Len N. and Keeling, D. Jeanette and Ross, Howard A. and Wright, Shane D.},
  title = {Latitude, elevation and the tempo of molecular evolution in mammals},
  volume = {276},
  number = {1671},
  pages = {3353--3359},
  year = {2009},
  doi = {10.1098/rspb.2009.0674},
  journal = {Proceedings of the Royal Society of London B: Biological Sciences}
}

@article{mayrose2007,
  author = {Mayrose, Itay and Doron-Faigenboim, Adi and Bacharach, Eran and Pupko, Tal}, 
  title = {Towards realistic codon models: among site variability and dependency of synonymous and non-synonymous rates},
  volume = {23}, 
  number = {13}, 
  pages = {i319-i327}, 
  year = {2007}, 
  doi = {10.1093/bioinformatics/btm176}, 
  journal = {Bioinformatics} 
}

@article{rubinstein2011,
  author = {Rubinstein, Nimrod D. and Doron-Faigenboim, Adi and Mayrose, Itay and Pupko, Tal}, 
  title = {Evolutionary Models Accounting for Layers of Selection in Protein-Coding Genes and their Impact on the Inference of Positive Selection},
  volume = {28}, 
  number = {12}, 
  pages = {3297-3308}, 
  year = {2011}, 
  doi = {10.1093/molbev/msr162}, 
  journal = {Molecular Biology and Evolution} 
}

@article{reid2013,
  title={Poor fit to the multispecies coalescent is widely detectable in empirical data},
  author={Reid, Noah M and Hird, Sarah M and Brown, Jeremy M and Pelletier, Tara A and McVay, John D and Satler, Jordan D and Carstens, Bryan C},
  journal={Systematic Biology},
  volume={63},
  pages={322--333},
  year={2013},
}

@article{brown2014,
  title={Detection of implausible phylogenetic inferences using posterior predictive assessment of model fit},
  author={Brown, Jeremy M},
  journal={Systematic Biology},
  volume={63},
  number={3},
  pages={334--348},
  year={2014},
}

@article{bollback2002,
  title={Bayesian model adequacy and choice in phylogenetics},
  author={Bollback, Jonathan P},
  journal={Molecular Biology and Evolution},
  volume={19},
  number={7},
  pages={1171--1180},
  year={2002},
}

@article{rabosky2015,
  title={Model inadequacy and mistaken inferences of trait-dependent speciation},
  author={Rabosky, Daniel L and Goldberg, Emma E},
  journal={Systematic Biology},
  volume={64},
  number={2},
  pages={340--355},
  year={2015},
}

@article{bromham2016,
  title={Detecting Macroevolutionary Self-Destruction from Phylogenies},
  author={Bromham, Lindell and Hua, Xia and Cardillo, Marcel},
  journal={Systematic Biology},
  volume={65},
  number={1},
  pages={109-127},
  year={2016},
}

@article{karev2003,
  title={Simple stochastic birth and death models of genome evolution: was there enough time for us to evolve?},
  author={Karev, Georgy P and Wolf, Yuri I and Koonin, Eugene V},
  journal={Bioinformatics},
  volume={19},
  number={15},
  pages={1889--1900},
  year={2003},
}

@article{librado2012,
  title={BadiRate: estimating family turnover rates by likelihood-based methods},
  author={Librado, Pablo and Vieira, F.G. and Rozas, Julio},
  journal={Bioinformatics},
  volume={28},
  number={2},
  pages={279--281},
  year={2012},
}

@article{liu2011,
  title={A Bayesian model for gene family evolution},
  author={Liu, Liang and Yu, Lili and Kalavacharla, Venugopal and Liu, Zhanji},
  journal={BMC Bioinformatics},
  volume={12},
  number={1},
  pages={426},
  year={2011},
}

@article{ames2012,
  title={Determining the evolutionary history of gene families},
  author={Ames, Ryan M and Money, Daniel and Ghatge, Vikramsinh P and Whelan, Simon and Lovell, Simon C},
  journal={Bioinformatics},
  volume={28},
  number={1},
  pages={48--55},
  year={2012},
}

@article{huson2004,
  title={Phylogenetic trees based on gene content},
  author={Huson, Daniel H and Steel, Mike},
  journal={Bioinformatics},
  volume={20},
  number={13},
  pages={2044--2049},
  year={2004},
}

@article{hahn2005,
  title={Estimating the tempo and mode of gene family evolution from comparative genomic data},
  author={Hahn, Matthew W and De Bie, Tijl and Stajich, Jason E and Nguyen, Chi and Cristianini, Nello},
  journal={Genome Research},
  volume={15},
  number={8},
  pages={1153--1160},
  year={2005},
}

@article{matasci2014,
  title={Data access for the 1,000 Plants ({1KP}) project},
  author={Matasci, Naim and Hung, Ling-Hong and Yan, Zhixiang and Carpenter, Eric J and Wickett, Norman J and Mirarab, Siavash and Nguyen, Nam and Warnow, Tandy and Ayyampalayam, Saravanaraj and Barker, Michael and others},
  journal={GigaScience},
  volume={3},
  number={1},
  pages={1--10},
  year={2014},
}

@misc{sol100,
    title = {Sol-100 sequencing project},
    author = {{Sol Genomics Network}},
    year = {2015},
}

@article{karev2004,
  title={Gene family evolution: an in-depth theoretical and simulation analysis of non-linear birth-death-innovation models},
  author={Karev, Georgy P and Wolf, Yuri I and Berezovskaya, Faina S and Koonin, Eugene V},
  journal={BMC Evolutionary Biology},
  volume={4},
  number={1},
  pages={32},
  year={2004},
}

@article{mayrose2015,
  title = {Methods for studying polyploid diversification and the dead end hypothesis: a reply to {S}oltis et~al. (2014)},
  volume = {206},
  doi = {10.1111/nph.13192},
  number = {1},
  journal = {New Phytologist},
  author = {Mayrose, Itay and Zhan, Shing H. and Rothfels, Carl J. and Arrigo, Nils and Barker, Michael S. and Rieseberg, Loren H. and Otto, Sarah P.},
  year = {2015},
  pages = {27--35}
}

@article{blackmon2015b,
  title={The evolutionary dynamics of haplodiploidy: Genome architecture and haploid viability},
  author={Blackmon, Heath and Hardy, Nate B and Ross, Laura},
  journal={Evolution},
  volume={69},
  number={11},
  pages={2971--2978},
  year={2015},
}

@article{mitter1988,
  title = {The Phylogenetic Study of Adaptive Zones: Has Phytophagy Promoted Insect Diversification?},
  volume = {132},
  number = {1},
  journal = {The American Naturalist},
  author = {Mitter, Charles and Farrell, Brian and Wiegmann, Brian},
  year = {1988},
  pages = {107--128}
}

@article{kafer2014a,
  title = {Standard Sister Clade Comparison Fails when Testing Derived Character States},
  volume = {63},
  doi = {10.1093/sysbio/syu024},
  number = {4},
  journal = {Systematic Biology},
  author = {K{\"a}fer, Jos and Mousset, Sylvain},
  year = {2014},
  pages = {601-609},
}

@article{kafer2014b,
  title={Dioecy is Associated with Higher Diversification Rates in Flowering Plants},
  author={K{\"a}fer, Jos and Boer, H. J. and Mousset, S. and Kool, A. and Dufay, M. and Marais, G. A. B.},
  journal={Journal of Evolutionary Biology},
  volume={27},
  number={7},
  pages={1478--1490},
  year={2014},
}

@article{rabosky2016,
  title = {A Robust Semi-Parametric Test for Detecting Trait-Dependent Diversification},
  journal = {Systematic Biology},
  doi = {10.1093/sysbio/syv066},
  author = {Rabosky, Daniel L. and Huang, Huateng},
  volume = {65},
  number = {2},
  year = {2016},
  pages = {181--193},
}

@article{beaulieu2016,
  title = {Detecting hidden diversification shifts in models of trait-dependent speciation and extinction},
  journal = {Systematic Biology},
  doi = {10.1101/016386},
  author = {Beaulieu, Jeremy M. and O'Meara, Brian C.},
  year = {2016},
  volume = {65},
  number = {4},
  pages = {583--601}
}

@article{heath2014,
  title = {The fossilized birth-death process for coherent calibration of divergence-time estimates},
  volume = {111},
  doi = {10.1073/pnas.1319091111},
  number = {29},
  journal = {Proceedings of the National Academy of Sciences USA},
  author = {Heath, Tracy A. and Huelsenbeck, John P. and Stadler, Tanja},
  year = {2014},
  pages = {E2957--E2966}
}

@article{rabosky2014,
  title = {Automatic Detection of Key Innovations, Rate Shifts, and Diversity-Dependence on Phylogenetic Trees},
  volume = {9},
  doi = {10.1371/journal.pone.0089543},
  number = {2},
  journal = {PLoS ONE},
  author = {Rabosky, Daniel L.},
  year = {2014},
  pages = {e89543}
}

@article{hohna2014,
  title = {Probabilistic Graphical Model Representation in Phylogenetics},
  volume = {63},
  doi = {10.1093/sysbio/syu039},
  number = {5},
  journal = {Systematic Biology},
  author = {H{\"o}hna, Sebastian and Heath, Tracy A. and Boussau, Bastien and Landis, Michael J. and Ronquist, Fredrik and Huelsenbeck, John P.},
  year = {2014},
  pages = {753--771},
}

@article{sullivan1997,
  title={Are guinea pigs rodents? {T}he importance of adequate models in molecular phylogenetics},
  author={Sullivan, Jack and Swofford, David L},
  journal={Journal of Mammalian Evolution},
  volume={4},
  number={2},
  pages={77--86},
  year={1997},
  publisher={Springer}
}

@book{gelman2014,
  title={Bayesian Data Analysis},
  author={Gelman, Andrew and Carlin, John B and Stern, Hal S and Rubin, Donald B},
  year={2014},
  publisher={Taylor \& Francis}
}

@article{glick2014,
  title={{ChromEvol}: Assessing the Pattern of Chromosome Number Evolution and the Inference of Polyploidy along a Phylogeny},
  author={Glick, Lior and Mayrose, Itay},
  journal={Molecular Biology and Evolution},
  volume={31},
  number={7},
  pages={1914--1922},
  year={2014},
  publisher={SMBE}
}

@article{simao2015,
  title = {{BUSCO}: Assessing Genome Assembly and Annotation Completeness with Single-Copy Orthologs},
  volume = {31},
  doi = {10.1093/bioinformatics/btv351},
  number = {19},
  journal = {Bioinformatics},
  author = {Sim{\~a}o, Felipe A. and Waterhouse, Robert M. and Ioannidis, Panagiotis and Kriventseva, Evgenia V. and Zdobnov, Evgeny M.},
  year = {2015},
  pages = {3210--3212},
  pmid = {26059717}
}

@article{thompson1999,
  title = {{BAliBASE}: a Benchmark Alignment Database for the Evaluation of Multiple Alignment Programs},
  volume = {15},
  doi = {10.1093/bioinformatics/15.1.87},
  number = {1},
  journal = {Bioinformatics},
  author = {Thompson, J. D. and Plewniak, F. and Poch, O.},
  year = {1999},
  pages = {87--88},
  pmid = {10068696}
}

@article{thompson2005,
  title={{BAliBASE} 3.0: Latest Developments of the Multiple Sequence Alignment Benchmark},
  author={Thompson, Julie D and Koehl, Patrice and Ripp, Raymond and Poch, Olivier},
  journal={Proteins: Structure, Function, and Bioinformatics},
  volume={61},
  number={1},
  pages={127--136},
  year={2005},
  publisher={Wiley Online Library}
}

@article{bahr2001,
  title={{BAliBASE (Benchmark Alignment dataBASE)}: Enhancements for Repeats, Transmembrane Sequences and Circular Permutations},
  author={Bahr, Anne and Thompson, Julie D and Thierry, J.-C. and Poch, Olivier},
  journal={Nucleic Acids Research},
  volume={29},
  number={1},
  pages={323--326},
  year={2001},
  publisher={Oxford Univ Press}
}

@article{lowes2016,
    author = {L{\"{o}}wes, Benedikt and Chauve, Cedric and Ponty, Yann and Giegerich, Robert}, 
    title = {The {BRaliBase} Dent---a Tale of Benchmark Design and Interpretation},
    year = {2016}, 
    doi = {10.1093/bib/bbw022}, 
    URL = {http://bib.oxfordjournals.org/content/early/2016/03/16/bib.bbw022.abstract}, 
    journal = {Briefings in Bioinformatics} 
}

@misc{simbank,
    title = {{SimBank}: Population Genetic Simulations to Test Statistical Genetics Software},
    author = {Mike Whitlock and Victoria Sork and Matt Hahn},
    howpublished = {NESCent working group},
    year = {2014},
}

@article{steinbachs2002,
    Author = {Steinbachs, Jennifer E. and Holsinger, Kent E.},
    Journal = {Molecular Biology and Evolution},
    Pages = {825--829},
    Title = {{S-RN}ase-Mediated Gametophytic Self-Incompatibility is Ancestral in Eudicots},
    Volume = {19},
    Year = {2002}
}

@article{barrett2013,
    Author = {Barrett, Spencer C. H.},
    Doi = {10.1098/rspb.2013.0913},
    Journal = {Proceedings of the Royal Society of London B: Biological Sciences},
    Number = {1765},
    Title = {The Evolution of Plant Reproductive Systems: How Often are Transitions Irreversible?},
    Volume = {280},
    Pages = {20130913},
    Year = {2013},
}

@article{grossenbacher-submit,
    Author = {Dena L. Grossenbacher and Yaniv Brandvain and Josh R. Auld and Martin Burd and Pierre-Olivier Cheptou and Jeffrey K. Conner and Alannie G. Grant and Stephen M. Hovick and John R. Pannell and Anton Pauw and Theodora Petanidou and April Randle and Rafael Rubio de Casas and Jana Vamosi and Alice Winn and Boris Igi{\'c} and Jeremiah W. Busch and Susan Kalisz and Emma E. Goldberg},
    Title = {Broad Comparative Support for {B}aker's Law: Islands Harbor More Self-Compatible Species than Mainlands},
    Journal = {},
    Year = {submitted}
}

@article{rabosky2012,
  title = {Clade Age and Species Richness Are Decoupled Across the Eukaryotic Tree of Life},
  volume = {10},
  doi = {10.1371/journal.pbio.1001381},
  number = {8},
  journal = {PLoS Biol},
  author = {Rabosky, Daniel L. and Slater, Graham J. and Alfaro, Michael E.},
  year = {2012},
  pages = {e1001381}
}

@article{beaumont2010,
  title = {Approximate {B}ayesian Computation in Evolution and Ecology},
  volume = {41},
  doi = {10.1146/annurev-ecolsys-102209-144621},
  number = {1},
  journal = {Annual Review of Ecology, Evolution, and Systematics},
  author = {Beaumont, Mark A.},
  year = {2010},
  pages = {379--406}
}

@article {soltis2014,
    author = {Soltis, Douglas E. and Segovia-Salcedo, Mar{\'i}a Claudia and Jordon-Thaden, Ingrid and Majure, Lucas and Miles, Nicolas M. and Mavrodiev, Evgeny V. and Mei, Wenbin and Cortez, Mar{\'i}a Beatriz and Soltis, Pamela S. and Gitzendanner, Matthew A.},
    title = {Are Polyploids Really Evolutionary Dead-Ends (Again)? {A} Critical Reappraisal of {M}ayrose et al.\ (2011)},
    journal = {New Phytologist},
    volume = {202},
    number = {4},
    doi = {10.1111/nph.12756},
    pages = {1105--1117},
    year = {2014},
}

@book{simpson1953,
  title = {The Major Features of Evolution},
  publisher = {Columbia University Press},
  year = {1953},
  author = {Simpson, G. G.},
  address = {New York},
}

@article{beaulieu2013,
    author = {Beaulieu, Jeremy M. and Donoghue, Michael J.},
    title = {Fruit evolution and diversification in campanulid angiosperms},
    journal = {Evolution},
    volume = {67},
    number = {11},
    doi = {10.1111/evo.12180},
    pages = {3132--3144},
    year = {2013},
}

@article{glick2016,
    author = {Glick, Lior and Sabath, Niv and Ashman, Tia-Lynn and Goldberg, Emma E. and Mayrose, Itay},
    title = {Polyploidy and sexual system in angiosperms: Is there an association?},
    journal = {American Journal of Botany},
    doi = {10.3732/ajb.1500424},
    year = {in press},
}

@article{slowinski1993,
  title={Testing whether certain traits have caused amplified diversification: an improved method based on a model of random speciation and extinction},
  author={Slowinski, Joseph B and Guyer, Craig},
  journal={The American Naturalist},
  volume={142},
  number={6},
  pages={1019--1024},
  year={1993},
}

@article{barraclough1998,
  title={Sister-group analysis in identifying correlates of diversification},
  author={Barraclough, Timothy G and Nee, Sean and Harvey, Paul H},
  journal={Evolutionary Ecology},
  volume={12},
  number={6},
  pages={751--754},
  year={1998}
}

@article{vamosi2005,
  title={Endless tests: guidelines for analysing non-nested sister-group comparisons},
  author={Vamosi, Steven M and Vamosi, Jana C},
  journal={Evolutionary Ecology Research},
  volume={7},
  number={4},
  pages={567--579},
  year={2005},
}

@article{ricklefs2007,
  title={Estimating diversification rates from phylogenetic information},
  author={Ricklefs, Robert E},
  journal={Trends in Ecology \& Evolution},
  volume={22},
  number={11},
  pages={601--610},
  year={2007},
}

@article{mcconway2004,
  title={A likelihood-based method for testing for nonstochastic variation of diversification rates in phylogenies},
  author={McConway, Kevin J and Sims, Hallie J},
  journal={Evolution},
  volume={58},
  number={1},
  pages={12--23},
  year={2004},
}

@article{paradis2012,
  title={Shift in diversification in sister-clade comparisons: a more powerful test},
  author={Paradis, Emmanuel},
  journal={Evolution},
  volume={66},
  number={1},
  pages={288--295},
  year={2012},
}

@article{zhan2016,
    author = {Zhan, Shing H. and Drori, Michal and Goldberg, Emma E. and Otto, Sarah P. and Mayrose, Itay},
    title = {Phylogenetic evidence for cladogenetic polyploidization in land plants},
    journal = {American Journal of Botany},
    doi = {10.3732/ajb.1600108},
    year = {in press},
}

@article{burin2016,
  title={Omnivory in birds is a macroevolutionary sink},
  author={Burin, Gustavo and Kissling, W Daniel and Guimar{\~a}es Jr, Paulo R and {\c{S}}ekercio{\u{g}}lu, {\c{C}}a{\u{g}}an H and Quental, Tiago B},
  journal={Nature Communications},
  volume={7},
  pages={11250},
  year={2016},
}

@article{pulido-santacruz2016,
  title={Extinction as a driver of avian latitudinal diversity gradients},
  author={Pulido-Santacruz, Paola and Weir, Jason T},
  journal={Evolution},
  volume={70},
  number={4},
  pages={860--872},
  year={2016}
}

@article{sanderson2002,
  title={Estimating Absolute Rates of Molecular Evolution and Divergence Times: a Penalized Likelihood Approach},
  author={Sanderson, Michael J},
  journal={Molecular Biology and Evolution},
  volume={19},
  number={1},
  pages={101--109},
  year={2002},
  publisher={SMBE}
}

@article{guindon2010b,
  title={New Algorithms and Methods to Estimate Maximum-Likelihood Phylogenies: Assessing the Performance of {PhyML} 3.0},
  author={Guindon, St{\'e}phane and Dufayard, Jean-Fran{\c{c}}ois and Lefort, Vincent and Anisimova, Maria and Hordijk, Wim and Gascuel, Olivier},
  journal={Systematic Biology},
  volume={59},
  number={3},
  pages={307--321},
  year={2010},
  publisher={Oxford University Press}
}

@article{ronquist2003,
  title={{MrBayes} 3: {B}ayesian Phylogenetic Inference Under Mixed Models},
  author={Ronquist, Fredrik and Huelsenbeck, John P},
  journal={Bioinformatics},
  volume={19},
  number={12},
  pages={1572--1574},
  year={2003},
  publisher={Oxford Univ Press}
}

@article{lewis2001,
  author = {Lewis, Paul O.},
  title = {A Likelihood Approach to Estimating Phylogeny from Discrete Morphological
	Character Data},
  journal = {Systematic Biology},
  year = {2001},
  volume = {50},
  pages = {913-925},
}

@article{landis2016,
  title={Biogeographic Dating of Speciation Times Using Paleogeographically Informed Processes},
  author={Michael J. Landis},
  journal={Systematic Biology},
  year={2016},
  doi = {10.1093/sysbio/syw040},
}

@article{hagen2015,
  title = {Age-Dependent Speciation Can Explain the Shape of Empirical Phylogenies},
  volume = {64},
  doi = {10.1093/sysbio/syv001},
  number = {3},
  journal = {Systematic Biology},
  author = {Hagen, Oskar and Hartmann, Klaas and Steel, Mike and Stadler, Tanja},
  year = {2015},
  pages = {432--440},
  pmid = {25575504}
}

@article{jablonski2008,
	Author = {Jablonski, David},
	Journal = {Annual Review of Ecology, Evolution and Systematics},
	Pages = {501--524},
	Title = {Species Selection: Theory and Data},
	Volume = {39},
	Year = {2008}
}

@article{rabosky2010a,
	Author = {Rabosky, Daniel L.},
	Journal = {Evolution},
	Pages = {1816--1824},
	Title = {Extinction rates should not be estimated from molecular phylogenies},
	Volume = {64},
	Year = {2010}
}

@article{rabosky2010d,
	Author = {Rabosky, Daniel L. and McCune, Amy R.},
	Doi = {10.1016/j.tree.2009.07.002},
	Journal = {Trends in Ecology \& Evolution},
	Number = {2},
	Pages = {68--74},
	Title = {Reinventing species selection with molecular phylogenies},
	Volume = {25},
	Year = {2010},
}

@inbook{weller1995,
	Author = {Weller, S G and Donoghue, M J and Charlesworth, D},
	Editor = {Hoch, P C and Stephenson, A G},
	Pages = {355--382},
	Publisher = {Missouri Botanical Garden, St. Louis},
	Series = {Experimental and Molecular Approaches to Plant Biosystematics},
	Title = {The evolution of self-incompatibility in flowering plants: a phylogenetic approach},
	Volume = {53},
	Year = {1995}
}

@article{ferrer2012,
	Author = {Ferrer, Miriam M and Good, Sara V},
	Doi = {10.1093/aob/mcs124},
	Journal = {Annals of Botany},
	Pages = {535--553},
	Title = {Self-sterility in flowering plants: {P}reventing self-fertilization increases family diversification rates},
	Volume = {110},
	Year = {2012},
}

@article{porcher2005a,
	Author = {Porcher, E. and Lande, R.},
	Journal = {Evolution},
	Pages = {46--60},
	Title = {Loss of gametophytic self-incompatibility with evolution of inbreeding depression},
	Volume = {59},
	Year = {2005}
}

@article{richman2000,
	Author = {A. D. Richman and J. R. Kohn},
	Journal = {Plant Molecular Biology},
	Pages = {169--179},
	Title = {Evolutionary genetics of self-incompatibility in the {S}olanaceae},
	Volume = {42},
	Year = {2000}
}

@article{devos2014a,
	Author = {de Vos, Jurriaan M and W{\"u}est, Rafael O and Conti, Elena},
	Doi = {10.1111/evo.12331},
	Journal = {Evolution},
	Pages = {1042--1057},
	Title = {Small and ugly? {P}hylogenetic analyses of the ``selfing syndrome'' reveal complex evolutionary fates of monomorphic primrose flowers},
	Volume = {68},
	Year = {2014},
}

@book{stebbins1974,
	Address = {Cambridge, Mass.},
	Author = {Stebbins, G. Ledyard},
	Publisher = {Belknap Press of Harvard University Press},
	Title = {Flowering Plants: Evolution Above the Species Level},
	Year = {1974}
}

@article{busch2011,
	Author = {Busch, Jeremiah W and Joly, Simon and Schoen, Daniel J},
	Journal = {Molecular Biology and Evolution},
	Pages = {1717--1729},
	Title = {Demographic signatures accompanying the evolution of selfing in {{\em Leavenworthia alabamica}}},
	Volume = {28},
	Year = {2011},
}

@article{renner2014,
  title = {The Relative and Absolute Frequencies of Angiosperm Sexual Systems: Dioecy, Monoecy, Gynodioecy, and an Updated Online Database},
  volume = {101},
  doi = {10.3732/ajb.1400196},
  number = {10},
  journal = {American Journal of Botany},
  author = {Renner, Susanne S.},
  year = {2014},
  pages = {1588-1596}
}

@article{vamosi2002,
  title = {When looks can kill: the evolution of sexually dimorphic floral display and the extinction of dioecious plants},
  volume = {269},
  doi = {10.1098/rspb.2002.2004},
  number = {1496},
  journal = {Proceedings of the Royal Society of London B: Biological Sciences},
  author = {Vamosi, J. C. and Otto, S. P.},
  year = {2002},
  pages = {1187--1194},
}

@article{heilbuth2000,
  title = {Lower Species Richness in Dioecious Clades},
  volume = {156},
  doi = {10.1086/303389},
  number = {3},
  journal = {The American Naturalist},
  author = {Heilbuth, Jana C.},
  year = {2000},
  pages = {221-241}
}

@incollection{kay2006,
  title = {Floral characters and species diversification},
  booktitle = {Ecology and Evolution of Flowers},
  publisher = {Oxford University Press},
  author = {Kay, Kathleen M and Voelckel, Claudia and Yang, Ji Y and Hufford, Kristina M and Kaska, Debora D and Hodges, Scott A},
  editor = {Harder, L. D. and Barrett, S. C. H.},
  year = {2006},
  pages = {311-325}
}

@article{otto2000,
  title = {Polyploid Incidence and Evolution},
  volume = {34},
  doi = {10.1146/annurev.genet.34.1.401},
  number = {1},
  journal = {Annual Review of Genetics},
  author = {Otto, Sarah P and Whitton, Jeannette},
  year = {2000},
  pages = {401--437},
}

@article{vamosi2006,
  title = {Polyploidy and Diversification: a Phylogenetic Investigation in {R}osaceae},
  volume = {167},
  doi = {10.1086/499251},
  number = {2},
  journal = {International Journal of Plant Sciences},
  author = {Vamosi, Jana C. and Dickinson, Timothy A.},
  year = {2006},
  pages = {349--358}
}

@book{stebbins1971,
  title={Chromosomal Evolution in Higher Plants},
  author={Stebbins, G. Ledyard},
  year={1971},
  publisher={Edward Arnold, Ltd.}
}

@article{lloyd1979a,
  title = {Evolution towards dioecy in heterostylous populations},
  volume = {131},
  doi = {10.1007/BF00984123},
  number = {1-2},
  journal = {Plant Systematics and Evolution},
  author = {Lloyd, David G.},
  year = {1979},
  pages = {71-80}
}

@article{lloyd1980,
  title = {The Distributions of Gender in Four Angiosperm Species Illustrating Two Evolutionary Pathways to Dioecy},
  volume = {34},
  doi = {10.2307/2408321},
  number = {1},
  journal = {Evolution},
  author = {Lloyd, David G.},
  year = {1980},
  pages = {123-134}
}

@article{ross1982,
  title = {Five Evolutionary Pathways to Subdioecy},
  volume = {119},
  doi = {10.2307/2460930},
  number = {3},
  journal = {The American Naturalist},
  author = {Ross, M. D.},
  year = {1982},
  pages = {297-318}
}

@incollection{charlesworth1999,
  title = {Theories of the Evolution of Dioecy},
  booktitle = {Gender and Sexual Dimorphism in Flowering Plants},
  publisher = {Springer Berlin Heidelberg},
  author = {Charlesworth, Deborah},
  editor = {Geber, Monica A. and Dawson, Todd E. and Delph, Lynda F.},
  year = {1999},
  pages = {33-60}
}

@incollection{webb1999,
  title = {Empirical Studies: Evolution and Maintenance of Dimorphic Breeding Systems},
  booktitle = {Gender and Sexual Dimorphism in Flowering Plants},
  publisher = {Springer Berlin Heidelberg},
  author = {Webb, Colin J.},
  editor = {Geber, Monica A. and Dawson, Todd E. and Delph, Lynda F.},
  year = {1999},
  pages = {61-95}
}

@article{charlesworth1978,
  title = {A Model for the Evolution of Dioecy and Gynodioecy},
  volume = {112},
  number = {988},
  journal = {The American Naturalist},
  author = {Charlesworth, Brian and Charlesworth, Deborah},
  year = {1978},
  pages = {975-997}
}

@article{schaefer2010,
  title = {A three-genome phylogeny of \emph{{M}omordica} ({C}ucurbitaceae) suggests seven returns from dioecy to monoecy and recent long-distance dispersal to {A}sia},
  volume = {54},
  doi = {10.1016/j.ympev.2009.08.006},
  number = {2},
  journal = {Molecular Phylogenetics and Evolution},
  author = {Schaefer, Hanno and Renner, Susanne S.},
  year = {2010},
  pages = {553-560}
}

@article{njuguna2013,
  title = {Insights into phylogeny, sex function and age of \emph{{F}ragaria} based on whole chloroplast genome sequencing},
  volume = {66},
  doi = {10.1016/j.ympev.2012.08.026},
  number = {1},
  journal = {Molecular Phylogenetics and Evolution},
  author = {Njuguna, Wambui and Liston, Aaron and Cronn, Richard and Ashman, Tia-Lynn and Bassil, Nahla},
  year = {2013},
  pages = {17-29}
}

@article{crossman2014,
  title = {Breakdown of Dioecy: Models Where Males Acquire Cosexual Functions},
  volume = {68},
  doi = {10.1111/evo.12283},
  number = {2},
  journal = {Evolution},
  author = {Crossman, Allan and Charlesworth, Deborah},
  year = {2014},
  pages = {426-440}
}

@article{simpson2013,
  title = {Species Selection and the Macroevolution of Coral Coloniality and Photosymbiosis},
  doi = {10.1111/evo.12083},
  journal = {Evolution},
  author = {Simpson, Carl},
  year = {2013},
  volume = {67},
  pages = {1607--1621}
}

@article{jablonski1987,
  title = {Heritability at the Species Level: Analysis of Geographic Ranges of {C}retaceous Mollusks},
  volume = {238},
  doi = {10.1126/science.238.4825.360},
  number = {4825},
  journal = {Science},
  author = {Jablonski, David},
  year = {1987},
  pages = {360--363},
}

@article{jablonski2006,
  title = {Larval Ecology, Geographic Range, and Species Survivorship in {C}retaceous Mollusks: Organismic versus Species-Level Explanations},
  volume = {168},
  doi = {10.1086/507994},
  number = {4},
  journal = {The American Naturalist},
  author = {Jablonski, David and Hunt, Gene},
  year = {2006},
  pages = {556--564}
}

@article{rabeling2008,
  title={Newly discovered sister lineage sheds light on early ant evolution},
  author={Rabeling, Christian and Brown, Jeremy M and Verhaagh, Manfred},
  journal={Proceedings of the National Academy of Sciences},
  volume={105},
  number={39},
  pages={14913--14917},
  year={2008},
  publisher={National Acad Sciences}
}

@article{lartillot2007,
  title={Suppression of long-branch attraction artefacts in the animal phylogeny using a site-heterogeneous model},
  author={Lartillot, Nicolas and Brinkmann, Henner and Philippe, Herv{\'e}},
  journal={BMC Evolutionary Biology},
  volume={7},
  number={1},
  pages={1},
  year={2007},
  publisher={BioMed Central}
}

@article {griffin2016,
	author = {Griffin, Randi H and Yapuncich, Gabriel S},
	title = {Comment on {S}maers et al.\ (2016): A nonviable phylogenetic comparative method hampered by circularity, inaccuracy, and bias},
	year = {2016},
	doi = {10.1101/058420},
	publisher = {Cold Spring Harbor Labs Journals},
	URL = {http://biorxiv.org/content/early/2016/06/12/058420},
	eprint = {http://biorxiv.org/content/early/2016/06/12/058420.full.pdf},
	journal = {bioRxiv}
}

@article{may2016,
  title={How Well Can We Detect Lineage-Specific Diversification-Rate Shifts? {A} Simulation Study of Sequential {AIC} Methods},
  author={May, Michael R and Moore, Brian R},
  journal={Systematic Biology},
  pages={syw026},
  year={2016},
  publisher={Oxford University Press}
}

@article{kubo1995,
  title={Inferring the rates of branching and extinction from molecular phylogenies},
  author={Kubo, Takuya and Iwasa, Yoh},
  journal={Evolution},
  pages={694--704},
  year={1995},
}

@article{blackmon2015c,
  title={The fragile {Y} hypothesis: {Y} chromosome aneuploidy as a selective pressure in sex chromosome and meiotic mechanism evolution},
  author={Blackmon, Heath and Demuth, Jeffery P},
  journal={BioEssays},
  volume={37},
  number={9},
  pages={942--950},
  year={2015},
  publisher={Wiley Online Library}
}

@article{fritz2010,
  title={Selectivity in mammalian extinction risk and threat types: a new measure of phylogenetic signal strength in binary traits},
  author={Fritz, Susanne A and Purvis, Andy},
  journal={Conservation Biology},
  volume={24},
  number={4},
  pages={1042--1051},
  year={2010},
  publisher={Wiley Online Library}
}

@article{pybus2000,
  title={Testing macro-evolutionary models using incomplete molecular phylogenies},
  author={Pybus, Oliver G and Harvey, Paul H},
  journal={Proceedings of the Royal Society of London B: Biological Sciences},
  volume={267},
  number={1459},
  pages={2267--2272},
  year={2000},
  publisher={The Royal Society}
}

@article{stadler2013,
  title={Recovering speciation and extinction dynamics based on phylogenies},
  author={Stadler, T},
  journal={Journal of evolutionary biology},
  volume={26},
  number={6},
  pages={1203--1219},
  year={2013},
  publisher={Wiley Online Library}
}

@article{bradnam2013,
  title={Assemblathon 2: Evaluating de Novo Methods of Genome Assembly in Three Vertebrate Species},
  author={Bradnam, Keith R and Fass, Joseph N and Alexandrov, Anton and Baranay, Paul and Bechner, Michael and Birol, Inan{\c{c}} and Boisvert, S{\'e}bastien and Chapman, Jarrod A and Chapuis, Guillaume and Chikhi, Rayan and et~al.},
  journal={GigaScience},
  volume={2},
  number={1},
  pages={1},
  year={2013},
}

@article{weber2014,
  title = {Defense mutualisms enhance plant diversification},
  volume = {111},
  doi = {10.1073/pnas.1413253111},
  number = {46},
  journal = {Proceedings of the National Academy of Sciences USA},
  author = {Weber, Marjorie G. and Agrawal, Anurag A.},
  year = {2014},
  pages = {16442--16447},
}

@article{pyron2014,
  title = {Early origin of viviparity and multiple reversions to oviparity in squamate reptiles},
  volume = {17},
  doi = {10.1111/ele.12168},
  number = {1},
  journal = {Ecology Letters},
  author = {Pyron, R. Alexander and Burbrink, Frank T.},
  year = {2014},
  pages = {13--21}
}

@article{price2012,
  title = {Tempo of trophic evolution and its impact on mammalian diversification},
  volume = {109},
  doi = {10.1073/pnas.1117133109},
  number = {18},
  journal = {Proceedings of the National Academy of Sciences USA},
  author = {Price, Samantha A. and Hopkins, Samantha S. B. and Smith, Kathleen K. and Roth, V. Louise},
  year = {2012},
  pages = {7008--7012},
}

@article{mcdaniel2013,
  title = {Recurrent Evolution of Dioecy in Bryophytes},
  volume = {67},
  doi = {10.1111/j.1558-5646.2012.01808.x},
  number = {2},
  journal = {Evolution},
  author = {McDaniel, Stuart F. and Atwood, John and Burleigh, J. Gordon},
  year = {2013},
  pages = {567--572}
}

@article{isaac2005,
  title = {Correlates of Species Richness in Mammals: Body Size, Life History, and Ecology},
  volume = {165},
  doi = {10.1086/429148},
  number = {5},
  journal = {The American Naturalist},
  author = {Isaac, Nick J. B. and Jones, Kate E. and Gittleman, John L. and Purvis, Andy},
  year = {2005},
  pages = {600--607}
}

@article{hugall2012,
  title = {Accelerated speciation in colour-polymorphic birds},
  volume = {485},
  doi = {10.1038/nature11050},
  number = {7400},
  journal = {Nature},
  author = {Hugall, Andrew F. and Stuart-Fox, Devi},
  year = {2012},
  pages = {631--634}
}

@article{garcia-porta2013,
  title = {Key innovations and island colonization as engines of evolutionary diversification: a comparative test with the {A}ustralasian diplodactyloid geckos},
  volume = {26},
  doi = {10.1111/jeb.12261},
  number = {12},
  journal = {Journal of Evolutionary Biology},
  author = {Garcia-Porta, J. and Ord, T. J.},
  year = {2013},
  pages = {2662--2680}
}

@article{hodges1995,
  title = {Spurring Plant Diversification: are Floral Nectar Spurs a Key Innovation?},
  volume = {262},
  doi = {10.1098/rspb.1995.0215},
  number = {1365},
  journal = {Proceedings of the Royal Society of London B: Biological Sciences},
  author = {Hodges, Scott A. and Arnold, Michael L.},
  year = {1995},
  pages = {343--348}
}

@article{martin2012,
  title = {Whole Genome Duplication Affects Evolvability of Flowering Time in an Autotetraploid Plant},
  volume = {7},
  doi = {10.1371/journal.pone.0044784},
  number = {9},
  journal = {PLoS ONE},
  author = {Martin, Sara L. and Husband, Brian C.},
  year = {2012},
  pages = {e44784}
}

@article{ramsey2011,
  title = {Polyploidy and ecological adaptation in wild yarrow},
  volume = {108},
  doi = {10.1073/pnas.1016631108},
  number = {17},
  journal = {Proceedings of the National Academy of Sciences USA},
  author = {Ramsey, Justin},
  year = {2011},
  pages = {7096--7101}
}

@article{ramsey2002,
  title = {Neopolyploidy in Flowering Plants},
  volume = {33},
  doi = {10.2307/3069274},
  journal = {Annual Review of Ecology and Systematics},
  author = {Ramsey, Justin and Schemske, Douglas W.},
  year = {2002},
  pages = {589--639}
}

@article{thompson2014,
  title = {Climatic niche differences between diploid and tetraploid cytotypes of {{\em Chamerion angustifolium}} ({O}nagraceae)},
  doi = {10.3732/ajb.1400184},
  journal = {American Journal of Botany},
  author = {Thompson, Ken A. and Husband, Brian C. and Maherali, Hafiz},
  volume = {101},
  pages = {1868--1875},
  year = {2014}
}

@article{martin2009,
  title = {Influence of phylogeny and ploidy on species ranges of {N}orth {A}merican angiosperms},
  volume = {97},
  doi = {10.1111/j.1365-2745.2009.01543.x},
  number = {5},
  journal = {Journal of Ecology},
  author = {Martin, Sara L and Husband, Brian C.},
  year = {2009},
  pages = {913--922}
}

@article{manzaneda2012,
  title = {Environmental aridity is associated with cytotype segregation and polyploidy occurrence in {{\em Brachypodium distachyon}} ({P}oaceae)},
  volume = {193},
  doi = {10.1111/j.1469-8137.2011.03988.x},
  number = {3},
  journal = {New Phytologist},
  author = {Manzaneda, Antonio J. and Rey, Pedro J. and Bastida, Jes{\'u}s M. and Weiss-Lehman, Christopher and Raskin, Evan and Mitchell-Olds, Thomas},
  year = {2012},
  pages = {797--805}
}

@article{laport2016,
    title = {Ecological distributions, phenological isolation, and genetic structure in sympatric and parapatric populations of the {{\em Larrea tridentata}} polyploid complex},
    doi = {10.3732/ajb.1600105},
    author = {Robert G. Laport and Robert L. Minckley and Justin Ramsey},
    journal = {American Journal of Botany},
    year = {2016},
}

@article{parisod2010,
  title = {Evolutionary consequences of autopolyploidy},
  volume = {186},
  doi = {10.1111/j.1469-8137.2009.03142.x},
  number = {1},
  journal = {New Phytologist},
  author = {Parisod, Christian and Holderegger, Rolf and Brochmann, Christian},
  year = {2010},
  pages = {5--17}
}

@article{smith2009,
  title={Mega-phylogeny approach for comparative biology: an alternative to supertree and supermatrix approaches},
  author={Smith, Stephen A and Beaulieu, Jeremy M and Donoghue, Michael J},
  journal={BMC evolutionary biology},
  volume={9},
  number={1},
  pages={37},
  year={2009},
}

@article{kirkpatrick1993,
  title={Searching for evolutionary patterns in the shape of a phylogenetic tree},
  author={Kirkpatrick, Mark and Slatkin, Montgomery},
  journal={Evolution},
  pages={1171--1181},
  year={1993},
}

@article{fusco1995,
  title={A new method for evaluating the shape of large phylogenies},
  author={Fusco, Giuseppe and Cronk, Quentin C.B.},
  journal={Journal of Theoretical Biology},
  volume={175},
  number={2},
  pages={235--243},
  year={1995},
  publisher={Elsevier}
}

@article{purvis2002,
  title={Evaluating phylogenetic tree shape: Two modifications to {F}usco \& {C}ronk's method},
  author={Purvis, Andy and Katzourakis, Aris and Agapow, Paul-Michael},
  journal={Journal of Theoretical Biology},
  volume={214},
  number={1},
  pages={99--103},
  year={2002},
  publisher={Elsevier}
}

@article{boettiger2012,
  title={Is your phylogeny informative? {M}easuring the power of comparative methods},
  author={Boettiger, Carl and Coop, Graham and Ralph, Peter},
  journal={Evolution},
  volume={66},
  number={7},
  pages={2240--2251},
  year={2012},
  publisher={Wiley Online Library}
}

@article{schranz2012,
  title={Ancient whole genome duplications, novelty and diversification: the {WGD} Radiation Lag-Time Model},
  author={Schranz, M Eric and Mohammadin, Setareh and Edger, Patrick P},
  journal={Current Opinion in Plant Biology},
  volume={15},
  number={2},
  pages={147--153},
  year={2012},
}

@article{tank2015,
  title={Nested Radiations and the Pulse of Angiosperm Diversification: Increased Diversification Rates Often Follow Whole Genome Duplications},
  author={Tank, David C and Eastman, Jonathan M and Pennell, Matthew W and Soltis, Pamela S and Soltis, Douglas E and Hinchliff, Cody E and Brown, Joseph W and Sessa, Emily B and Harmon, Luke J},
  journal={New Phytologist},
  volume={207},
  number={2},
  pages={454--467},
  year={2015},
  publisher={Wiley Online Library}
}

@article{sukumaran2016,
  title={Machine Learning Biogeographic Processes from Biotic Patterns: a New Trait-Dependent Dispersal and Diversification Model with Model Choice By Simulation-Trained Discriminant Analysis},
  author={Sukumaran, Jeet and Economo, Evan P and Knowles, L Lacey},
  journal={Systematic Biology},
  volume={65},
  number={3},
  pages={525--545},
  year={2016},
  publisher={Oxford University Press}
}

@article{day2016,
  title={Is specialization an evolutionary dead end? {T}esting for differences in speciation, extinction and trait transition rates across diverse phylogenies of specialists and generalists},
  author={Day, Emma H and Hua, Xia and Bromham, Lindell},
  journal={Journal of Evolutionary Biology},
  volume={29},
  number={6},
  pages={1257--1267},
  year={2016},
  publisher={Wiley Online Library}
}

@article{colless1982,
  title={Review of phylogenetics: the theory and practice of phylogenetic systematics},
  author={Colless, Donald H},
  journal={Systematic Zoology},
  volume={31},
  pages={100--104},
  year={1982}
}

@article{sackin1972,
  title={``{G}ood'' and ``bad'' phenograms},
  author={Sackin, M.J.},
  journal={Systematic Biology},
  volume={21},
  number={2},
  pages={225--226},
  year={1972},
  publisher={Oxford University Press}
}

@article{ToSdata,
  title = {Tree of Sex: a database of sexual systems},
  volume = {1},
  doi = {10.1038/sdata.2014.15},
  journal = {Scientific Data},
  author = {{Tree of Sex Consortium} and Ashman, Tia-Lynn and Bachtrog, Doris and Blackmon, Heath and Goldberg, Emma E and Hahn, Matthew W and Kirkpatrick, Mark and Kitano, Jun and Mank, Judith E and Mayrose, Itay and Ming, Ray and Otto, Sarah P and Peichel, Catherine L and Pennell, Matthew W and Perrin, Nicolas and Ross, Laura and Valenzuela, Nicole and Vamosi, Jana C},
  year = {2014},
  pages = {140015}
}

@article{smith2015,
  title = {Tempo and mode of flower color evolution},
  volume = {102},
  doi = {10.3732/ajb.1500163},
  number = {7},
  journal = {American Journal of Botany},
  author = {Smith, Stacey D. and Goldberg, Emma E.},
  year = {2015},
  pages = {1014--1025},
}

@incollection{goldberg2013,
	author = {Goldberg, Emma E.},
	title = {Species Selection},
	booktitle = {The {P}rinceton Guide to Evolution},
	publisher = {Princeton University Press},
	editors = {Losos, Jonathan B.},
	year = {2013},
	pages = {586--591}
}

@article{fagan2013,
  title = {Phylogenetic Prediction of the Maximum Per Capita Rate of Population Growth},
  volume = {280},
  doi = {10.1098/rspb.2013.0523},
  number = {1763},
  journal = {Proceedings of the Royal Society of London B: Biological Sciences},
  author = {Fagan, William F. and Pearson, Yanthe E. and Larsen, Elise A. and Lynch, Heather J. and Turner, Jessica B. and Staver, Hilary and Noble, Andrew E. and Bewick, Sharon and Goldberg, Emma E.},
  year = {2013},
  pages = {20130523},
}

@article{huang-inprep,
  title = {The origin and evolution of reef coral richness in a marine biodiversity hotspot},
  author = {Huang, Danwei and Goldberg, Emma E. and Chou, Loke-Ming and Roy, Kaustuv},
  journal = {},
  year = {submitted},
}

@article{ziegler-inprep,
  title = {Assessing correlated evolution of pollen grain size and style length in {S}olanaceae},
  author = {Ziegler, Christina and Goldberg, Emma E. and Igi{\'c}, Boris},
  journal = {},
  year = {in prep},
}

@article{ploidevol,
  title = {PloidEvol: Joint model of ploidy and chromosome number evolution},
  author = {Blackmon, Heath and Goldberg, Emma E. and Mayrose, Itay},
  journal = {},
  year = {in prep},
}

@article{chromtrait,
  title = {ChromTrait: Variation in rates of chromosome evolution},
  author = {Blackmon, Heath and Justison, Joshua and Mayrose, Itay and Goldberg, Emma E.},
  journal = {},
  year = {in prep},
}

@article{dio-trans,
  title = {Macroevolutionary synthesis shows flowering plant sexual systems in flux},
  journal = {},
  author = {Goldberg, Emma E. and Otto, Sarah P. and Vamosi, Jana C. and Mayrose, Itay and Sabath, Niv and Ming, Ray and Ashman, Tia-Lynn},
  year = {in review},
}

@article{levy-karin-inreview,
  title = {An integrated model of phenotypic trait changes and site-specific sequence evolution},
  journal = {},
  author = {Levy Karin, Eli and Wicke, S. and Pupko, Tal and Mayrose, Itay},
  year = {in review},
}

@article{hohna2016,
    author = {H\"{o}hna, Sebastian and Landis, Michael J. and Heath, Tracy A. and Boussau, Bastien and Lartillot, Nicolas and Moore, Brian R. and Huelsenbeck, John P. and Ronquist, Fredrik}, 
    title = {{RevBayes}: {B}ayesian Phylogenetic Inference Using Graphical Models and an Interactive Model-Specification Language},
    volume = {65}, 
    number = {4}, 
    pages = {726--736}, 
    year = {2016}, 
    doi = {10.1093/sysbio/syw021}, 
    journal = {Systematic Biology} 
}

@article{duchene2015,
    author = {Duch{\^{e}}ne, David A. and Duch{\^{e}}ne, Sebastian and Holmes, Edward C. and Ho, Simon Y. W.}, 
    title = {Evaluating the Adequacy of Molecular Clock Models Using Posterior Predictive Simulations},
    volume = {32}, 
    number = {11}, 
    pages = {2986--2995}, 
    year = {2015}, 
    doi = {10.1093/molbev/msv154}, 
    journal = {Molecular Biology and Evolution} 
}

@phdthesis{ford2006,
  title = {Probabilities on Cladogram: Introduction to the Alpha Model},
  author = {Ford, Daniel J.},
  school = {Stanford University},
  year = {2006},
  url={http://arxiv.org/abs/math/0511246},
}

@article{jones2011,
  title={Tree models for macroevolution and phylogenetic analysis},
  author={Jones, Graham R},
  journal={Systematic Biology},
  volume={60},
  number={6},
  pages={735--746},
  year={2011},
}

@article{mooers1997,
  title={Inferring evolutionary process from phylogenetic tree shape},
  author={Mooers, Arne O and Heard, Stephen B},
  journal={Quarterly Review of Biology},
  pages={31--54},
  year={1997},
}

@article{aldous2001,
  title = {Stochastic Models and Descriptive Statistics for Phylogenetic Trees, from {Y}ule to Today},
  volume = {16},
  number = {1},
  journal = {Statistical Science},
  author = {Aldous, David J.},
  year = {2001},
  pages = {23--34}
}

@article {cooper2016,
    author = {Cooper, Natalie and Thomas, Gavin H. and FitzJohn, Richard G.},
    title = {Shedding light on the ‘dark side’ of phylogenetic comparative methods},
    journal = {Methods in Ecology and Evolution},
    volume = {7},
    number = {6},
    doi = {10.1111/2041-210X.12533},
    pages = {693--699},
    year = {2016},
}
